@unpublished{htdc,
	author = "Matthias Felleisen and Matthew Flatt and Robert Bruce Findler and Kathryn E. Gray and Shriram Kirshnamurthi and Viera K. Proulx",
	title = "How to Design Classes",
	note = "http://www.ccs.neu.edu/home/matthias/htdc.html",
	month = 6,
	year = 2012
}

