@ARTICLE{huff, 
author={Huffman, D.A.}, 
journal={Proceedings of the IRE}, 
title={A Method for the Construction of Minimum-Redundancy Codes}, 
year={1952}, 
volume={40}, 
number={9}, 
pages={1098-1101}, 
keywords={Transmitters}, 
doi={10.1109/JRPROC.1952.273898}, 
ISSN={0096-8390}, 
month={Sept}
}